<record><leader>00000cas a22000007a 4500</leader><controlfield tag="001">38005841</controlfield><controlfield tag="008">971125c199u9999okudx n       0   a0eng c</controlfield><datafield ind1=" " ind2=" " tag="010"><subfield code="a">sn 97002121 </subfield></datafield><datafield ind1=" " ind2=" " tag="040"><subfield code="a">NSD</subfield><subfield code="b">eng</subfield><subfield code="c">NSD</subfield><subfield code="d">OCLCQ</subfield><subfield code="d">OCLCF</subfield><subfield code="d">OCLCO</subfield></datafield><datafield ind1=" " ind2=" " tag="012"><subfield code="m">1</subfield></datafield><datafield ind1="1" ind2=" " tag="022"><subfield code="a">1097-0541</subfield><subfield code="l">1097-0541</subfield><subfield code="2">1</subfield></datafield><datafield ind1="1" ind2=" " tag="029"><subfield code="a">AU@</subfield><subfield code="b">000024793415</subfield></datafield><datafield ind1=" " ind2=" " tag="032"><subfield code="a">066500</subfield><subfield code="b">USPS</subfield></datafield><datafield ind1=" " ind2=" " tag="042"><subfield code="a">nsdp</subfield><subfield code="a">pcc</subfield></datafield><datafield ind1=" " ind2=" " tag="043"><subfield code="a">n-us-ok</subfield></datafield><datafield ind1="0" ind2=" " tag="130"><subfield code="a">Broken Arrow daily ledger (Broken Arrow, Okla. : 1997)</subfield></datafield><datafield ind1=" " ind2="0" tag="222"><subfield code="a">Broken Arrow daily ledger</subfield><subfield code="b">(Broken Arrow, Okla. 1997)</subfield></datafield><datafield ind1="1" ind2="0" tag="245"><subfield code="a">Broken Arrow daily ledger.</subfield></datafield><datafield ind1=" " ind2=" " tag="260"><subfield code="a">Broken Arrow, OK :</subfield><subfield code="b">Retherford Publications</subfield></datafield><datafield ind1=" " ind2=" " tag="300"><subfield code="a">v.</subfield></datafield><datafield ind1=" " ind2=" " tag="310"><subfield code="a">Daily (except Monday, Saturday &amp; holidays)</subfield></datafield><datafield ind1=" " ind2=" " tag="588"><subfield code="a">Description based on: Vol. 95, no. 84 (Nov. 9, 1997).</subfield></datafield><datafield ind1=" " ind2="0" tag="651"><subfield code="a">Broken Arrow (Okla.)</subfield><subfield code="v">Newspapers.</subfield></datafield><datafield ind1=" " ind2="0" tag="651"><subfield code="a">Tulsa County (Okla.)</subfield><subfield code="v">Newspapers.</subfield></datafield><datafield ind1=" " ind2="7" tag="655"><subfield code="a">Newspapers.</subfield><subfield code="2">fast</subfield><subfield code="0">(OCoLC)fst01423814</subfield></datafield><datafield ind1=" " ind2="7" tag="651"><subfield code="a">Oklahoma</subfield><subfield code="z">Broken Arrow.</subfield><subfield code="2">fast</subfield><subfield code="0">(OCoLC)fst01236703</subfield></datafield><datafield ind1=" " ind2="7" tag="651"><subfield code="a">Oklahoma</subfield><subfield code="z">Tulsa County.</subfield><subfield code="2">fast</subfield><subfield code="0">(OCoLC)fst01220997</subfield></datafield><datafield ind1=" " ind2=" " tag="752"><subfield code="a">United States</subfield><subfield code="b">Oklahoma</subfield><subfield code="c">Tulsa</subfield><subfield code="d">Broken Arrow.</subfield></datafield><datafield ind1="0" ind2="0" tag="780"><subfield code="t">Broken Arrow ledger (Broken Arrow, Okla. : 1994)</subfield><subfield code="w">(DLC)sn 95076321</subfield><subfield code="w">(OCoLC)33663898</subfield></datafield></record>